<record><leader>00000cas a22000007a 4500</leader><controlfield tag="001">15099075</controlfield><controlfield tag="008">870122d18uu1828nyuwr ne      0    0eng  </controlfield><datafield ind1=" " ind2=" " tag="010"><subfield code="a">sn 87062039 </subfield></datafield><datafield ind1=" " ind2=" " tag="040"><subfield code="a">DLC</subfield><subfield code="b">eng</subfield><subfield code="c">DLC</subfield><subfield code="d">NYS</subfield><subfield code="d">OCLCQ</subfield></datafield><datafield ind1=" " ind2=" " tag="042"><subfield code="a">msc</subfield></datafield><datafield ind1="0" ind2="0" tag="050"><subfield code="a">Newspaper 8829-X</subfield></datafield><datafield ind1="0" ind2=" " tag="130"><subfield code="a">Freeman's advocate (Sackets Harbor, N.Y.)</subfield></datafield><datafield ind1="1" ind2="0" tag="245"><subfield code="a">Freeman's advocate.</subfield></datafield><datafield ind1=" " ind2=" " tag="260"><subfield code="a">Sackets-Harbor [N.Y.] :</subfield><subfield code="b">T.W. Haskell,</subfield><subfield code="c">-1828.</subfield></datafield><datafield ind1=" " ind2=" " tag="300"><subfield code="a">v. :</subfield><subfield code="b">ill. (chiefly advertisements) ;</subfield><subfield code="c">51 cm.</subfield></datafield><datafield ind1=" " ind2=" " tag="310"><subfield code="a">Weekly</subfield></datafield><datafield ind1="0" ind2=" " tag="362"><subfield code="a">-v. 4, no. 30 (Nov. 27, 1828).</subfield></datafield><datafield ind1=" " ind2=" " tag="588"><subfield code="a">Description based on: Vol. 4, no. 30 (Nov. 27, 1828).</subfield></datafield><datafield ind1=" " ind2=" " tag="752"><subfield code="a">United States</subfield><subfield code="b">New York</subfield><subfield code="c">Jefferson</subfield><subfield code="d">Sackets Harbor.</subfield></datafield><datafield ind1=" " ind2=" " tag="936"><subfield code="a">RECORD REPORTED FOR DELETION -- USE OCLC #11780184</subfield></datafield></record>